<?xml version="1.0" encoding="UTF-8"?><collection xmlns="http://www.loc.gov/MARC21/slim"><record><leader>00567nam--2200181-i-4500</leader><controlfield tag="001">000029243</controlfield><controlfield tag="002">20161230</controlfield><controlfield tag="005">20161230201037</controlfield><controlfield tag="008">060222s1000------------r-----000-0-ger-d</controlfield><datafield ind1=" " ind2=" " tag="040"><subfield code="a">IFIN-HH</subfield></datafield><datafield ind1=" " ind2=" " tag="041"><subfield code="a">ger</subfield></datafield><datafield ind1=" " ind2=" " tag="080"><subfield code="a">537.612.4(043)</subfield></datafield><datafield ind1="1" ind2=" " tag="100"><subfield code="a">Kunath, Wolfgang</subfield></datafield><datafield ind1="1" ind2="0" tag="245"><subfield code="a">Hochauflosende elektronenoptische abbildung durch hohlstrahlenbundel in rotationssymmetrischen dreilinsensystemen</subfield><subfield code="b">Dissertation</subfield><subfield code="c">Wolfgang kunath</subfield></datafield><datafield ind1=" " ind2=" " tag="260"><subfield code="a">Tubingen</subfield><subfield code="b">Eberhard-karls-universitat</subfield><subfield code="c">1977</subfield></datafield><datafield ind1=" " ind2=" " tag="300"><subfield code="a">115P</subfield></datafield><datafield ind1=" " ind2=" " tag="852"><subfield code="a">45980</subfield><subfield code="c">537:538</subfield></datafield><datafield ind1=" " ind2=" " tag="CAT"><subfield code="a">Sys</subfield><subfield code="c">20110622</subfield><subfield code="h">122620</subfield></datafield></record></collection>